% incl/bib/articles.bib : references to articles
% ------------------------------------------------------------------------------
@online{frontpic,
  author = {Evan Ackerman},
  title = {{Startup JITX Uses AI to Automate Complex Circuit Board Design},
  year = 2018,
  url = {https://spectrum.ieee.org/tech-talk/computing/hardware/startup-jitx-uses-ai-to-automate-complex-circuit-board-design},
  urldate = {2019-13-12}
}