% books.bib : references to textbooks
% ------------------------------------------------------------------------------


@Book{dmat,
  author    = {Kenneth H. Rosen},
  title     = {Discrete Mathematics and Its Applications},
  publisher = {McGraw-Hill},
  year      = {2013},
  edition   = {7th}
}

@Book{calc,
  author    = {C. Henry Edwards and David E. Penney},
  title     = {Calculus: Early Transcendentals},
  publisher = {Pearson},
  year      = {2014},
  edition   = {7th}
}

@Book{lial,
  author    = {L. Spence and A. Insel and S. Friedberg},
  title     = {Elementary Linear Algebra: A Matrix Approach},
  publisher = {Pearson},
  year      = {2014},
  edition   = {2nd}
}

@Book{artof,
  author    = {Paul Horowitz and Winfield Hill},
  title     = {The Art Of Electronics},
  publisher = {},
  year      = {2015},
  edition   = {3r}
  }
  
  @Book{diffandcomplex,
  author    = {Morten Nielsen},
  title     = {An Introduction to Complex Numbers and Differential Equations},
  publisher = {Pearson Education Limited},
  year      = {2011},
  edition   = {2th}
}

@Book{bcircuit5,
  author    = {J. David Irwin},
  title     = {Basic Engineering Circuit Analysis},
  publisher = {John Wiley and Sons, Inc.},
  year      = {1996},
  edition   = {5th}
}

@Book{bcircuit9,
  author    = {J. David Irwin and R. Mark Nelms},
  title     = {Basic Engineering Circuit Analysis},
  publisher = {John Wiley and Sons, Inc.},
  year      = {2008},
  edition   = {9th}
}

@Book{bcircuit,
  author    = {J. David Irwin and R. Mark Nelms},
  title     = {Basic Engineering Circuit Analysis},
  publisher = {John Wiley and Sons, Inc.},
  year      = {2011},
  edition   = {10th}
}

@Book{bcircuit11,
  author    = {J. David Irwin and R. Mark Nelms},
  title     = {Basic Engineering Circuit Analysis},
  publisher = {John Wiley and Sons, Inc.},
  year      = {2015},
  edition   = {11th}
}
