% incl/bib/software.bib : software related references
% ------------------------------------------------------------------------------
@Manual{complexpaul,
  title        = {Complex Numbers},
  author       = {Paul Dawkins},
  organization = {Lamar University},
  year         = {2017},
  note         = {\url{http://tutorial.math.lamar.edu/Classes/Alg/ComplexNumbers.aspx}}
}

@Manual{complexpurple,
  title        = {Operations on Complex Numbers},
  author       = {Stapel, Elizabeth},
  organization = {Purplemath},
  year         = {2019},
  note         = {\url{https://www.purplemath.com/modules/complex.htm}}
}

@Manual{complexnotebook,
  title        = {Arithmetic of Complex Numbers},
  author       = {MathBitsNotebook},
  organization = {MathBitsNotebook},
  year         = {2019},
  note         = {\url{https://mathbitsnotebook.com/Algebra2/ComplexNumbers/CPArithmeticASM.html}}
}

@Manual{minimaltikz,
  title        = {A very minimal introduction to TikZ},
  author       = {Jacques Crémer},
  organization = {Toulouse School of Economics},
  year         = {2011},
  note         = {\url{https://cremeronline.com/LaTeX/minimaltikz.pdf}}
}

@Manual{tikzmanual,
  title        = {The TikZ and PGF packages},
  author       = {Till Tantau},
  organization = {Institut für Theoretische Informatik, Universität zu Lübeck},
  year         = {2015},
  note         = {\url{http://mirrors.dotsrc.org/ctan/graphics/pgf/base/doc/pgfmanual.pdf}}
}

@Book{python,
  author    = {Van Rossum, Guido and Drake Jr., Fred L.},
  title     = {Python tutorial},
  year      = {1995},
  publisher = {Centrum voor Wiskunde en Informatica Amsterdam, The Netherlands}
}
